@article{autor2001wiring,
  title={Wiring the labor market},
  author={Autor, David H},
  journal={The Journal of Economic Perspectives},
  volume={15},
  number={1},
  pages={25--40},
  year={2001},
  publisher={JSTOR}
}

@inproceedings{law2003tagatune,
  title={TagATune: A Game for Music and Sound Annotation.},
  author={Law, Edith LM and Von Ahn, Luis and Dannenberg, Roger B and Crawford, Mike},
  booktitle={ISMIR},
  volume={3},
  pages={2},
  year={2007}
}

@article{huberman-crowdsourcing,
  title={Crowdsourcing, attention and productivity},
  author={Huberman, Bernardo A. and Romero, D.M. and Wu, Fang},
  journal={Journal of Information Science (in press)},  
  year={2009}
}

@Comment Get autor2001wiring
		 
@article{hortonZeck2010, 
  type={Working Paper Series},
  title={{The Online Laboratory: Conducting Experiments in a Real Labor Market}},
  author={Horton, John J. and Rand, David  and Zeckhauser, Richard  J. },
  journal={SSRN eLibrary},
  year={2010},
  publisher={SSRN},
  keywords={Experimentation, Online Labor Markets, Internet},
  location={http://ssrn.com/paper=1591202},
  language={English}
}

@inproceedings{mason2009fip,
 author = {Mason, Winter and Watts, Duncan J.},
 title = {Financial incentives and the `performance of crowds'},
 booktitle = {Proc. ACM SIGKDD Workshop on Human Computation (HCOMP)},
 year = {2009},
 isbn = {978-1-60558-672-4},
 location = {Paris, France},
 doi = {http://doi.acm.org/10.1145/1600150.1600175},
}

@article{horton2010labor,
  title={The labor economics of paid crowdsourcing},
  author={Horton, J. and Chilton, L.},
  journal={Proceedings of the 11th ACM Conference on Electronic Commerce 2010 (forthcoming)},
  year={2010}
}


@conference{von2004labeling,
  title={{Labeling images with a computer game}},
  author={Von Ahn, L. and Dabbish, L.},
  booktitle={Proceedings of the SIGCHI conference on Human factors in computing systems},
  pages={319--326},
  year={2004},
  organization={ACM}
}

@article{ipeirotis2010, 
	title={Demographics of Mechanical Turk}, 
	author={Ipeirotis, P.}, 
	year={2010},
	journal={New York University Working Paper}
}


@article{brin1998pagerank,
  title={The PageRank citation ranking: bringing order to the web.},
  author={Page, Lawrence and Brin, Sergey and Motwani, Rajeev and Winograd, Terry},
  year={1999},
  publisher={Stanford InfoLab}
}

@article{hearst2002finding,
  title={Finding the flow in web site search},
  author={Hearst, Marti and Elliott, Ame and English, Jennifer and Sinha, Rashmi and Swearingen, Kirsten and Yee, Ka-Ping},
  journal={Communications of the ACM},
  volume={45},
  number={9},
  pages={42--49},
  year={2002},
  publisher={ACM}
}

@inproceedings{adar2008zoetrope,
  title={Zoetrope: interacting with the ephemeral web},
  author={Adar, Eytan and Dontcheva, Mira and Fogarty, James and Weld, Daniel S},
  booktitle={Proceedings of the 21st annual ACM symposium on User interface software and technology},
  pages={239--248},
  year={2008},
  organization={ACM}
}


@article{spink2000selected,
  title={Selected results from a large study of Web searching: the Excite study},
  author={Spink, Amanda and Xu, Jack L},
  journal={Information Research},
  volume={6},
  number={1},
  pages={6--1},
  year={2000}
}

@techreport{edelman2007internet,
  title={Internet advertising and the generalized second price auction: Selling billions of dollars worth of keywords},
  author={Edelman, Benjamin and Ostrovsky, Michael and Schwarz, Michael},
  year={2005},
  institution={National Bureau of Economic Research}
}


@inproceedings{silberman2010sellers,
  title={Sellers' problems in human computation markets},
  author={Silberman, M and Ross, Joel and Irani, Lilly and Tomlinson, Bill},
  booktitle={Proceedings of the acm sigkdd workshop on human computation},
  pages={18--21},
  year={2010},
  organization={ACM}
}

@book{gelman2007data,
  title={{Data analysis using regression and multilevel/hierarchical models}},
  author={Gelman, A. and Hill, J.},
  year={2007},
  publisher={Cambridge University Press Cambridge}
}


@inproceedings{white2009characterizing,
  title={Characterizing the influence of domain expertise on web search behavior},
  author={White, Ryen W and Dumais, Susan T and Teevan, Jaime},
  booktitle={Proceedings of the Second ACM International Conference on Web Search and Data Mining},
  pages={132--141},
  year={2009},
  organization={ACM}
}

@article{bates2006lmm,
  title={{Linear mixed model implementation in lme4}},
  author={Bates, D.},
  journal={CRAN-R Package lme4},
  year={2006}
}
